<record xmlns='http://www.loc.gov/MARC21/slim'><leader>01888ntm a2200325Ii 4500</leader><controlfield tag='001'>991058301966106011</controlfield><controlfield tag='005'>20220506121333.0</controlfield><controlfield tag='008'>220506q15001699gw            000 0 eng d</controlfield><datafield ind1=' ' ind2=' ' tag='035'><subfield code='a'>(OCoLC)1314385712h</subfield></datafield><datafield ind1=' ' ind2=' ' tag='035'><subfield code='a'>(OCoLC)on1314385712h</subfield></datafield><datafield ind1=' ' ind2=' ' tag='040'><subfield code='a'>HRH</subfield><subfield code='b'>eng</subfield><subfield code='e'>dcrmmss</subfield><subfield code='c'>HRH</subfield></datafield><datafield ind1=' ' ind2=' ' tag='041'><subfield code='a'>ger</subfield><subfield code='a'>lat</subfield></datafield><datafield ind1=' ' ind2=' ' tag='049'><subfield code='a'>HRHH</subfield></datafield><datafield ind1=' ' ind2='9' tag='099'><subfield code='a'>MS 3327, Container 54</subfield></datafield><datafield ind1='0' ind2='0' tag='245'><subfield code='a'>Alchemical miscellany, including a table of transmutable metals :</subfield><subfield code='k'>manuscript.</subfield></datafield><datafield ind1=' ' ind2='0' tag='264'><subfield code='a'>Germany ;</subfield><subfield code='c'>16-17th centuries</subfield></datafield><datafield ind1=' ' ind2=' ' tag='300'><subfield code='a'>72 leaves :</subfield><subfield code='b'>parchment and paper,</subfield><subfield code='c'>7 x 9 cm</subfield></datafield><datafield ind1=' ' ind2=' ' tag='336'><subfield code='a'>text</subfield><subfield code='b'>txt</subfield><subfield code='2'>rdacontent</subfield></datafield><datafield ind1=' ' ind2=' ' tag='337'><subfield code='a'>unmediated</subfield><subfield code='b'>n</subfield><subfield code='2'>rdamedia</subfield></datafield><datafield ind1=' ' ind2=' ' tag='338'><subfield code='a'>volume</subfield><subfield code='b'>nc</subfield><subfield code='2'>rdacarrier</subfield></datafield><datafield ind1=' ' ind2=' ' tag='500'><subfield code='a'>Title devised by cataloger.</subfield></datafield><datafield ind1=' ' ind2=' ' tag='500'><subfield code='a'>German cursive script</subfield></datafield><datafield ind1=' ' ind2=' ' tag='506'><subfield code='a'>Unrestricted, for either reading room or classroom use, but coach user: binding tight, open with care.</subfield></datafield><datafield ind1=' ' ind2=' ' tag='590'><subfield code='a'>MS 3327, Container 54: Note in French dated 1714; Wilhelm Prandtl History of Science Collection (H63). Binding: Full calfskin parchment over thin paper boards. Reverse caps, natural hollow, smooth spine, cut edges. No decoration or title. Pairs of holes at fore edge suggest ties or reused material (covering parchment). Sewn dark green endbands worked on parchment over parchment core laced through outer joints; not adhered to spine. Sewn on two parchment supports laced through outer joints. Endleaf components: front  separate pastedown off-white handmade laid paper, plus sewn fold off-white handmade laid paper [added?] making two free endleaves; back separate pastedown off-white handmade laid paper hinged to leaf of off-white handmade laid paper making free endleaf.</subfield></datafield><datafield ind1=' ' ind2='0' tag='650'><subfield code='a'>Alchemy.</subfield></datafield><datafield ind1=' ' ind2='7' tag='655'><subfield code='a'>Miscellanies.</subfield><subfield code='2'>aat</subfield></datafield><datafield ind1='2' ind2=' ' tag='791'><subfield code='a'>Wilhelm Prandtl Book Collection.</subfield></datafield><datafield ind1='2' ind2=' ' tag='791'><subfield code='a'>Medieval and Early Modern Manuscripts Collection.</subfield></datafield><datafield ind1=' ' ind2=' ' tag='752'><subfield code='a'>Germany,</subfield><subfield code='e'>producation place.</subfield></datafield><datafield ind1=' ' ind2=' ' tag='994'><subfield code='a'>C0</subfield><subfield code='b'>HRH</subfield></datafield></record>
